<?xml version="1.0" encoding="UTF-8"?><collection xmlns="http://www.loc.gov/MARC21/slim"><record><leader>00375nam--2200133-i-4500</leader><controlfield tag="001">000034042</controlfield><controlfield tag="002">20161230</controlfield><controlfield tag="005">20161230201039</controlfield><controlfield tag="008">060222s1000------------r-----000-0-eng-d</controlfield><datafield ind1=" " ind2=" " tag="080"><subfield code="a">614.876</subfield></datafield><datafield ind1=" " ind2=" " tag="100"><subfield code="a">Muller, Rolf-heinz</subfield></datafield><datafield ind1=" " ind2=" " tag="245"><subfield code="a">Umgang mit radioaktiven stoffen. mit 101 bildern und 40 tafeln im anhang</subfield></datafield><datafield ind1=" " ind2=" " tag="260"><subfield code="a">Munchen, Carl Hanser Verlag, 1966, 262p</subfield></datafield><datafield ind1=" " ind2=" " tag="852"><subfield code="a">27253</subfield></datafield></record></collection>